@STRING {AAEJAF = "Astron. Astrophys."}
@STRING {ABCNBP = "Anal. Bioanal. Chem."}
@STRING {ACHRE4 = "Acc. Chem. Res."}
@STRING {ACIEAY = "Angew. Chem., Int. Ed. Engl."}
@STRING {AJCHAS = "Austral. J. Chem."}
@STRING {ANALAO = "Analyst"}
@STRING {APJSA2 = "Astron. J. Suppl. Ser."}
@STRING {ASJOAB = "Astrophys. J."}
@STRING {BACCAT = "Bull. Acad. Sci. USSR, Div. Chem. Sci."}
@STRING {BCSJA8 = "Bull. Chem. Soc. Jpn."}
@STRING {CEUJED = "Chem. Eur. J."}
@STRING {CHBEAM = "Chem. Ber."}
@STRING {CHPLBC = "Chem. Phys. Lett."}
@STRING {CJCHAG = "Can. J. Chem."}
@STRING {CHCOFS = "Chem. Comm."}
@STRING {CHREAY = "Chem. Rev."}
@STRING {CSRVBR = "Chem. Soc. Rev."}
@STRING {CCCCAK = "Collect. Czech. Chem. Commun."}
@STRING {CMPHC2 = "Chem. Phys."}
@STRING {COMPTC = "Comput. Theor. Chem."}
@STRING {CPCHFT = "ChemPhysChem"}
@STRING {CPHCBZ = "Comput. Phys. Commun."}
@STRING {CCHRAM = "Coord. Chem. Rev."}
@STRING {IJBMDR = "Int. J. Biol. Macromol."}
@STRING {IJMPDN = "Int. J. Mass Spectrom. Ion Processes"}
@STRING {IJQCB2 = "Int. J. Quantum Chem."}
@STRING {IJQSDI = "Int. J. Quantum Chem. Symp."}
@STRING {INOCAJ = "Inorg. Chem."}
@STRING {IRPCDL = "Int. Rev. Phys. Chem."}
@STRING {JACSAT = "J. Am. Chem. Soc."}
@STRING {JCCCAT = "J. Chem. Soc., Chem. Commun."}
@STRING {JCCHDD = "J. Comput. Chem."}
@STRING {JCTCCE = "J. Chem. Theory Comput."}
@STRING {JCSDAA = "J. Chem. Soc., Daldon Trans."}
@STRING {JCFTBS = "J. Chem. Soc., Faraday Trans. II"}
@STRING {JCFTEV = "J. Chem. Soc., Faraday Trans."}
@STRING {JCPSA6 = "J. Chem. Phys."}
@STRING {JESRAW = "J. Electr. Spectrosc. Rel. Phenomena"}
@STRING {JMCHEG = "J. Math. Chem."}
@STRING {JMCMAR = "J. Med. Chem."}
@STRING {JMOBAK = "J. Mol. Biol."}
@STRING {JMOSA3 = "J. Mol. Spectrosc."}
@STRING {JMOSB4 = "J. Mol. Structure"}
@STRING {JOCEAH = "J. Org. Chem."}
@STRING {JPAMA4 = "J. Phys. B"}
@STRING {JPAPEH = "J. Phys. B"}
@STRING {JPCAFH = "J. Phys. Chem. A"}
@STRING {JPCBFK = "J. Phys. Chem. B"}
@STRING {JPCCCK = "J. Phys. Chem. C"}
@STRING {JPCHAX = "J. Phys. Chem."}
@STRING {JPCLCD = "J. Phys. Chem. Lett."}
@STRING {JPOCEE = "J. Phys. Org. Chem."}
@STRING {JSTCAM = "J. Struct. Chem."}
@STRING {JTCCHM = "J. Theor. Comp. Chem."}
@STRING {MOPHAM = "Mol. Phys."}
@STRING {OBCRAK = "Org. Biomol. Chem."}
@STRING {ORGND7 = "Organometallics"}
@STRING {JPOCEE = "J. Phys. Org. Chem."}
@STRING {JSTCAM = "J. Struct. Chem."}
@STRING {JTCCHM = "J. Theor. Comp. Chem."}
@STRING {MOPHAM = "Mol. Phys."}
@STRING {ORGND7 = "Organometallics"}
@STRING {ORLEF7 = "Org. Lett."}
@STRING {PPCPFQ = "Phys. Chem. Chem. Phys."}
@STRING {PRLTAO = "Phys. Rev. Lett."}
@STRING {PHYSRV = "Phys. Rev."}
@STRING {PLRAAN = "Phys. Rev. A"}
@STRING {PRBMDO = "Phys. Rev. B"}
@STRING {POLNCL = "PLoS ONE"}
@STRING {PNASA6 = "Proc. Natl. Acad. Sci. USA"}
@STRING {PRCIEI = "Protein Sci."}
@STRING {RJICAQ = "Russ. J. Inorg. Chem."}
@STRING {RJPCAR = "Russ. J. Phys. Chem."}
@STRING {SAMCAS = "Spectrochim. Acta, Part A"}
@STRING {SCIEAS = "Science"}
@STRING {SJCCDA = "Sov. J. Coord. Chem."}
@STRING {SSCOA4 = "Solid State Commun."}
@STRING {SUSCAS = "Surface Science"}
@STRING {TCACFW = "Theor. Chem. Acc."}
@STRING {TCHAAM = "Theor. Chim. Acta"}
@STRING {TEXCAK = "Theor. Exper. Chem."}
@STRING {THEODJ = "J. Mol. Struct. THEOCHEM"}
@STRING {ZSTKAI = "Zh. Strukt. Khim."}

@STRING {WCMS = "WIREs Comput. Mol. Sci."}
@STRING {JCompPhys = "J. Comp. Phys."}
@STRING {JCompChem = "J. Comp. Chem."}
@STRING {IJQC = "Int. J. Quantum Chem."}
@STRING {TCA = "Theoret. Chim. Acta"}
@STRING {JCP = "J. Chem. Phys."}
@STRING {JACS = "J. Am. Chem. Soc."}
@STRING {JPhysChem = "J. Phys. Chem."}
@STRING {MolPhys = "Mol. Phys."}
@STRING {RevModPhys = "Rev. Mod. Phys."}
@STRING {AnnRevPhysChem = "Ann. Rev. Phys. Chem."}
@STRING {JMedChem = "J. Med. Chem."}
@STRING {JMolBiol = "J. Mol. Biol."}
@STRING {CPL = "Chem. Phys. Lett."}
@STRING {AdvQuantumChem = "Adv. Quantum Chem."}
@STRING {JPC = "J. Phys. Chem."}
@STRING {AdvChemPhys = "Adv. Chem. Phys."}
@STRING {PCCP = "Phys. Chem. Chem. Phys."}


@MISC{Psi3,
  author =       "T. D. Crawford and C. D. Sherrill and E. F. Valeev
		  and J. T. Fermann and R. A. King and M. L. Leininger
		  and S. Brown and C. L. Janssen and E. T. Seidl and
		  Joseph P. Kenny and W. D. Allen",
  title =        "{PSI 3.2}",
  year =         2003,
}

@ARTICLE {Roos:1980,
   author = "B. O. Roos and P. R. Taylor and P. E. M. Siegbahn",
   title = "A Complete Active Space {SCF} Method ({CASSCF}) Using a Density
      Matrix Formulated Super-{CI} Approach",
   journal = "Chem. Phys.",
   volume = "48",
   pages = "157",
   year = "1980"
   }

@ARTICLE {Chaban:1997:88,
   author = "G. Chaban and M. W. Schmidt and M. S. Gordon",
   title = "Approximate second order method for orbital optimization of {SCF}
      and {MCSCF} wavefunctions",
   journal = "Theor. Chem. Acc.",
   volume = "97",
   pages = "88-95",
   year = "1997"
   }

@ARTICLE {Pulay:1980,
   author = "P. Pulay",
   title = "Convergence Acceleration of Iterative Sequences.  The Case of 
      {SCF} Iteration",
   journal = "Chem. Phys. Lett.",
   volume = "73",
   pages = "393-398",
   year = "1980"
   }

@ARTICLE {Malmqvist:1990:RASSCF,
   author = "P.-{\AA}. Malmqvist and A. Rendell and B. O. Roos",
   title = "The Restricted Active Space Self-Consistent-Field Method,
      Implemented with a Split Graph Unitary Group Approach",
   journal = "J. Phys. Chem.",
   volume = "94",
   pages = "5477-5482",
   year = "1990"
   }

@ARTICLE {Docken:1972:4928,
   author = "K. K. Docken and J. Hinze",
   title = "{LiH} Potential Curves and Wavefunctions for {$X$ $^1\Sigma^+$},
      {$A$ $^1\Sigma^+$}, {$B$ $^1\Pi$}, {$^3\Sigma^+$}, and {$^3\Pi^*$}",
   journal = "J. Chem. Phys.",
   volume = "57",
   number = "11",
   pages = "4928-4936",
   year = "1972"
   }

@ARTICLE {Ruedenberg:1979:1069,
   author = "K. Ruedenberg and L. M. Cheung and S. T. Elbert",
   title = "{MCSCF} Optimization through Combined Use of Natural Orbitals and
      the {Brillouin-Levy-Berthier} Theorem",
   journal = "Int. J. Quantum Chem.",
   volume = "16",
   pages = "1069-1101",
   year = "1979"
   }

@INCOLLECTION {Sherrill:1999:CI,
   author = "C. David Sherrill and Henry F. Schaefer",
   title = "The configuration interaction method: Advances in highly
            correlated approaches",
   booktitle = "Advances in Quantum Chemistry",
   volume = "34",
   editor = "Per-Olov L{\"o}wdin",
   publisher = "Academic Press",
   address = "New York",
   year = "1999",
   pages = "143-269",
   annote = "A review article covering configuration interaction,
     focusing particularly on modern determinant-based algorithms and 
     applications of methods going beyond the simple single-reference
     singles and doubles (CISD) approximation."
   }

@ARTICLE {Handy:1980,
   author = "N. C. Handy",
   title = "Multi-Root Configuration Interaction Calculations",
   journal = "Chem. Phys. Lett.",
   volume = "74",
   pages = "280",
   year = "1980"
   }

@ARTICLE {Olsen:1988,
   author = "J. Olsen and B. O. Roos and P. J{\o}rgensen and H. J.
      {Aa.~Jensen}",
   title = "Determinant based configuration interaction algorithms for
      complete and restricted configuration interaction spaces",
   journal = "J. Chem. Phys.",
   volume = "89",
   pages = "2185",
   year = "1988"
   }

@ARTICLE {Hirata:2000:216,
   author = "S. Hirata and R. J. Bartlett",
   title = "High-order Coupled-cluster Calculations Through Connected 
      Octuple Excitations",
   journal = CHPLBC,
   volume = "321",
   pages = "216-224",
   year = "2000"
}

@ARTICLE {Olsen:2000:7140,
   author = "J. Olsen",
   title = "The Initial Implementation and Applications of a General Active
      Space Coupled Cluster Method",
   journal = JCPSA6,
   volume = "113",
   pages = "7140",
   year = "2000",
   doi = "10.1063/1.1679283"
   }

@ARTICLE {Piecuch:1999:6103,
   author = "P. Piecuch and S. A. Kucharski and R. J. Bartlett",
   title = "Coupled-cluster Methods with Internal and Semi-internal Triply 
      and Quadruply Excited Clusters: CCSD{$t$} and CCSD{$tq$} Approaches",
   journal = JCPSA6,
   volume = "110",
   pages = "6103-6122",
   year = "1999"
}

@ARTICLE {Tsuchimochi:2010:141102,
   author = "T. Tsuchimochi and G. E. Scuseria",
   title = "Communication: ROHF Theory Made Simple",
   journal = JCPSA6,
   volume = "133",
   pages = "141102",
   year = "2010",
   doi = "10.1063/1.3503173"
   }

@ARTICLE {Jeziorski:1994:1887,
   author = "B. Jeziorski and R. Moszynski and K. Szalewicz",
   title = "Perturbation Theory Approach to Intermolecular Potential Energy
      Surfaces of van der Waals Complexes",
   journal = CHREAY,
   volume = "94",
   pages = "1887-1930",
   year = "1994"
}

@ARTICLE {Hohenstein:2012:WIREs,
  author = "E. G. Hohenstein and C. D. Sherrill",
  title = "Wavefunction Methods for Noncovalent Interactions",
  journal = "Wiley Interdisciplinary Reviews: Comput. Mol. Sci.",
  volume = "X",
  pages = "XX",
  year = "2012",
  doi = "10.1002/wcms.84"
  }

@ARTICLE {Papajak:2011:10,
  author = "E. Papajak and D. G. Truhlar",
  title = "Convergent Partially Augmented Basis Sets for Post-Hartree--Fock
    Calculations of Molecular Properties and Reaction Barrier Heights",
  journal = "J. Chem. Theory Comput.",
  volume = "7",
  pages = "10-18",
  year = "2011",
  doi = "10.1021/ct1005533"
  }

@MISC {basisnote1,
  note = "heavy-aug-cc-basis is identical to jul-cc-basis, being composed of 
  cc-basis on H and He and aug-cc-basis on all remaining elements."
}

@MISC {basisnote2,
  note = "The JKFIT basis sets are designed in the cc-p*V(X+d)Z framework that 
  includes an additional set of $d$-functions for second-row $p$-block 
  elements.  Identical basis sets with the cc-p*VXZ-JKFIT label are provided 
  for convenience."
}


